@mastersthesis{TG07,
    author  = {Toni Grütze.},
    title   = {{\textit{Implementation, Evaluation und Optimierung von Prognosealgorithmen und Entscheidungsregeln für ein System zur Wartungsvorhersage}}},
    type = {Diplomarbeit},
    school = {Hochschule Zittau/Görlitz},
    year    = {2007}
 }
@manual{TMAS09,
    author  = {Tilo Müller and Andr\'{e} Suttmann},
    title   = {{\textit{Beleg im Fach ADBC 2}}},
    type = {Beleg},
    note = {ATRR-Beleg.pdf},
    year    = {2009}
 }
@manual{tH08,
    author  = {Prof. Dr. Ing- Klaus ten Hagen.},
    title   = {Rules to evaluate Repair Recommendations},
    note = {PdM - Rules 2 Eval Recommendations - 2008-10-10\_1.ppt},
    year    = {2008}
 }
